<collection xmlns="http://www.loc.gov/MARC21/slim">
<record>
  <leader>01974nam0a22003011i 450 </leader>
  <controlfield tag="001">IT\ICCU\CNCE\050858</controlfield>
  <controlfield tag="005">20020517000000.0</controlfield>
  <datafield tag="012" ind1=" " ind2=" ">
    <subfield code="a">t.da o,am m*p- mife (3) 1585 (R)</subfield>
    <subfield code="2">fei</subfield>
  </datafield>
  <datafield tag="100" ind1=" " ind2=" ">
    <subfield code="a">20000522d1585        0itac0103    ba</subfield>
  </datafield>
  <datafield tag="101" ind1=" " ind2=" ">
    <subfield code="a">LAT</subfield>
  </datafield>
  <datafield tag="102" ind1=" " ind2=" ">
    <subfield code="a">IT</subfield>
  </datafield>
  <datafield tag="200" ind1="1" ind2=" ">
    <subfield code="a">P. Sixti V. fulmen brutum in Henricum sereniss. regem Nauarrae, &amp; illustriss. Henricum Borbonium, principem olim Condaeum, euibratum. Cuius multiplex nullitas ex protestatione patet. Cui ... subiuncta est disputatio Roberti Bellarminij Soc. Jes. de primatu episcopi Rom. &amp; ad eam responsio. Item Alciati. Cujacij, &amp; Hotomani coniecturae de falsitate l. inter claras 8. C. de summ. Trinit. ...</subfield>
  </datafield>
  <datafield tag="210" ind1=" " ind2=" ">
    <subfield code="e">Romae</subfield>
    <subfield code="g">apud haeredes Antonij Bladij</subfield>
    <subfield code="h">1585</subfield>
  </datafield>
  <datafield tag="215" ind1=" " ind2=" ">
    <subfield code="a">\14!, 231, \9! p.</subfield>
    <subfield code="c">tav.</subfield>
    <subfield code="d">8ʻ</subfield>
  </datafield>
  <datafield tag="300" ind1=" " ind2=" ">
    <subfield code="a">ANNULLATA: probabile edizione straniera. Le note tipografiche appartengono a: Sanctiss. Sixti papae V Declaratio contra Henricum Borbonium assertum regem Nauarrae, et Henricum item Borbonium, praetensum principem Condensem, haereticos ...compresa con front proprio ma paginazione continua ed  effettivamente stampata dagli eredi di Antonio Blado</subfield>
  </datafield>
  <datafield tag="620" ind1=" " ind2=" ">
    <subfield code="a">IT</subfield>
    <subfield code="d">Roma</subfield>
  </datafield>
  <datafield tag="700" ind1=" " ind2="1">
    <subfield code="a">Hotman,</subfield>
    <subfield code="b">Franȯis</subfield>
    <subfield code="3">IT\ICCU\CNCA\006524</subfield>
  </datafield>
  <datafield tag="702" ind1=" " ind2="0">
    <subfield code="a">Roberto</subfield>
    <subfield code="c"> : Bellarmino</subfield>
    <subfield code="c"> &lt;santo&gt;</subfield>
    <subfield code="3">IT\ICCU\CNCA\007048</subfield>
  </datafield>
  <datafield tag="702" ind1=" " ind2="0">
    <subfield code="a">Sixtus</subfield>
    <subfield code="c"> &lt;papa</subfield>
    <subfield code="c"> ; 5.&gt;</subfield>
    <subfield code="3">IT\ICCU\CNCA\007469</subfield>
  </datafield>
  <datafield tag="712" ind1="0" ind2="0">
    <subfield code="a">Blado, Antonio - eredi</subfield>
    <subfield code="3">IT\ICCU\CNCT\000148</subfield>
    <subfield code="4">650</subfield>
  </datafield>
  <datafield tag="790" ind1=" " ind2="1">
    <subfield code="a">Hotomanus,</subfield>
    <subfield code="b">Franciscus</subfield>
    <subfield code="3">IT\ICCU\CNCA\014431</subfield>
    <subfield code="z">Hotman, Franȯis</subfield>
  </datafield>
  <datafield tag="790" ind1=" " ind2="1">
    <subfield code="a">Hottomann,</subfield>
    <subfield code="b">Franȯis</subfield>
    <subfield code="3">IT\ICCU\CNCA\014432</subfield>
    <subfield code="z">Hotman, Franȯis</subfield>
  </datafield>
  <datafield tag="790" ind1=" " ind2="1">
    <subfield code="a">Hotomann,</subfield>
    <subfield code="b">Franȯis</subfield>
    <subfield code="3">IT\ICCU\CNCA\014433</subfield>
    <subfield code="z">Hotman, Franȯis</subfield>
  </datafield>
  <datafield tag="790" ind1=" " ind2="1">
    <subfield code="a">Bellarmino,</subfield>
    <subfield code="b">Roberto</subfield>
    <subfield code="c"> &lt;santo&gt;</subfield>
    <subfield code="3">IT\ICCU\CNCA\007805</subfield>
    <subfield code="z">Roberto : Bellarmino &lt;santo&gt;</subfield>
  </datafield>
  <datafield tag="790" ind1=" " ind2="0">
    <subfield code="a">Franciscus Romulus</subfield>
    <subfield code="c"> &lt;santo&gt;</subfield>
    <subfield code="3">IT\ICCU\CNCA\010998</subfield>
    <subfield code="z">Roberto : Bellarmino &lt;santo&gt;</subfield>
  </datafield>
  <datafield tag="790" ind1=" " ind2="1">
    <subfield code="a">Peretti,</subfield>
    <subfield code="b">Felice</subfield>
    <subfield code="3">IT\ICCU\CNCA\014759</subfield>
    <subfield code="z">Sixtus &lt;papa ; 5.&gt;</subfield>
  </datafield>
  <datafield tag="801" ind1=" " ind2="3">
    <subfield code="a">IT</subfield>
    <subfield code="b">ICCU</subfield>
    <subfield code="c">20201115</subfield>
  </datafield>
  <datafield tag="899" ind1=" " ind2=" ">
    <subfield code="a">Biblioteca Casanatense. Roma</subfield>
    <subfield code="1">RM0313</subfield>
    <subfield code="2">RML 07</subfield>
  </datafield>
</record>
</collection>
